@misc{acm_categories,
	title = {{How to Classify Works Using ACM's Computing Classification System}},
	note = {\small{\url{http://www.acm.org/class/how_to_use.html}}},
},


@misc{babakar_moy_2016, title={The State of Automated Fact Checking}, url={https://fullfact.org/media/uploads/full_fact-the_state_of_automated_factchecking_aug_2016.pdf }, publisher={fullfact.org}, author={Babakar, Mevan and Moy, Will}, year={2016}} 


@article{hassan2015quest,
  title={The Quest to Automate Fact-Checking},
  author={Hassan, Naeemul and Adair, Bill and Hamilton, James T and Li, Chengkai and Tremayne, Mark and Yang, Jun and Yu, Cong},
  journal={world},
  year={2015}
}


@article{ciampaglia2015computational,
  title={Computational fact checking from knowledge networks},
  author={Ciampaglia, Giovanni Luca and Shiralkar, Prashant and Rocha, Luis M and Bollen, Johan and Menczer, Filippo and Flammini, Alessandro},
  journal={PloS one},
  volume={10},
  number={6},
  pages={e0128193},
  year={2015},
  publisher={Public Library of Science}
}

